@book{sutton2018reinforcement,
  title={Reinforcement learning: An introduction},
  author={Sutton, Richard S and Barto, Andrew G},
  year={2018},
  publisher={MIT press}
}

@article{watkins1992q,
  title={Q-learning},
  author={Watkins, Christopher JCH and Dayan, Peter},
  journal={Machine learning},
  volume={8},
  number={3-4},
  pages={279--292},
  year={1992},
  publisher={Springer}
}

@article{mnih2015human,
  title={Human-level control through deep reinforcement learning},
  author={Mnih, Volodymyr and Kavukcuoglu, Koray and Silver, David and Rusu, Andrei A and Veness, Joel and Bellemare, Marc G and Graves, Alex and Riedmiller, Martin and Fidjeland, Andreas K and Ostrovski, Georg and others},
  journal={nature},
  volume={518},
  number={7540},
  pages={529--533},
  year={2015},
  publisher={Nature Publishing Group}
}

@article{lillicrap2015continuous,
  title={Continuous control with deep reinforcement learning},
  author={Lillicrap, Timothy P and Hunt, Jonathan J and Pritzel, Alexander and Heess, Nicolas and Erez, Tom and Tassa, Yuval and Silver, David and Wierstra, Daan},
  journal={arXiv preprint arXiv:1509.02971},
  year={2015}
}

@article{schulman2017proximal,
  title={Proximal policy optimization algorithms},
  author={Schulman, John and Wolski, Filip and Dhariwal, Prafulla and Radford, Alec and Klimov, Oleg},
  journal={arXiv preprint arXiv:1707.06347},
  year={2017}
}

@article{haarnoja2018soft,
  title={Soft actor-critic: Off-policy maximum entropy deep reinforcement learning with a stochastic actor},
  author={Haarnoja, Tuomas and Zhou, Aurick and Abbeel, Pieter and Levine, Sergey},
  journal={arXiv preprint arXiv:1801.01290},
  year={2018}
}

@book{bertsekas2017dynamic,
  title={Dynamic programming and optimal control},
  author={Bertsekas, Dimitri P},
  volume={1},
  year={2017},
  publisher={Athena scientific}
}

@article{williams1992simple,
  title={Simple statistical gradient-following algorithms for connectionist reinforcement learning},
  author={Williams, Ronald J},
  journal={Machine learning},
  volume={8},
  number={3-4},
  pages={229--256},
  year={1992},
  publisher={Springer}
}

@article{konda2000actor,
  title={Actor-critic algorithms},
  author={Konda, Vijay R and Tsitsiklis, John N},
  journal={Advances in neural information processing systems},
  volume={12},
  year={2000}
}

@article{silver2014deterministic,
  title={Deterministic policy gradient algorithms},
  author={Silver, David and Lever, Guy and Heess, Nicolas and Degris, Thomas and Wierstra, Daan and Riedmiller, Martin},
  journal={International conference on machine learning},
  pages={387--395},
  year={2014},
  organization={PMLR}
}

@book{powell2007approximate,
  title={Approximate Dynamic Programming: Solving the curses of dimensionality},
  author={Powell, Warren B},
  volume={703},
  year={2007},
  publisher={John Wiley \& Sons}
}

@article{tsitsiklis1997analysis,
  title={An analysis of temporal-difference learning with function approximation},
  author={Tsitsiklis, John N and Van Roy, Benjamin},
  journal={IEEE transactions on automatic control},
  volume={42},
  number={5},
  pages={674--690},
  year={1997},
  publisher={IEEE}
}

@article{baird1995residual,
  title={Residual algorithms: Reinforcement learning with function approximation},
  author={Baird, Leemon},
  journal={Machine learning proceedings 1995},
  pages={30--37},
  year={1995},
  publisher={Elsevier}
}

@article{melo2001convergence,
  title={Convergence of Q-learning: a simple proof},
  author={Melo, Francisco S},
  journal={Institute Of Systems and Robotics, Tech. Rep},
  pages={1--4},
  year={2001}
}

@book{boyd2004convex,
  title={Convex optimization},
  author={Boyd, Stephen and Boyd, Stephen P and Vandenberghe, Lieven},
  year={2004},
  publisher={Cambridge university press}
}

@article{puterman2014markov,
  title={Markov decision processes: discrete stochastic dynamic programming},
  author={Puterman, Martin L},
  year={2014},
  publisher={John Wiley \& Sons}
}

@article{even2003learning,
  title={Learning rates for Q-learning},
  author={Even-Dar, Eyal and Mansour, Yishay},
  journal={Journal of machine learning research},
  volume={5},
  number={Dec},
  pages={1--25},
  year={2003}
}

@article{jaakkola1994convergence,
  title={Convergence of stochastic iterative dynamic programming algorithms},
  author={Jaakkola, Tommi and Jordan, Michael I and Singh, Satinder P},
  journal={Advances in neural information processing systems},
  volume={6},
  year={1994}
}

@article{borkar2009stochastic,
  title={Stochastic approximation: a dynamical systems viewpoint},
  author={Borkar, Vivek S},
  volume={48},
  year={2009},
  publisher={Springer}
}